%bibtex entries 

@misc{kn:batik,
  author = {Apache},
  title  = {Batik \svg{} {T}oolkit {A}rchitecture},
  note   = {Available at \url{http://xml.apache.org/batik/architecture.html\#coreComponents}},
  month  = {},
  year   = 2005
}

@misc{kn:Lip08,
  author = {Lipsum},
  title  = {Lorem Ipsum},
  note   = {Available at \url{http://www.lipsum.com/}, last accessed in May 2008},
  year   = {2008}
}

@techreport{kn:Mat93,
  author      = {Manuel A. Matos},
  title       = {Normas para Apresentação de Dissertações, Bases Essenciais},
  institution = {Faculdade de Engenharia da Universidade do Porto},
  year        = {1993},
  month       = {}
}

@inproceedings{kn:MVL06-xata,
  author    = {Filipe Marinho and Paulo Viegas and J. Correia Lopes},
  title     = {{SVG} na Visualização de Sinópticos},
  pages     = {99-112},
  booktitle = {{XATA2006}, XML: Aplicações e Tecnologias Associadas (Portalege, 9 e 10 de Fevereiro de 2006)},
  editor    = {José Carlos Ramalho and J. Correia Lopes and Alberto Simões},
  publisher = {Universidade do Minho},
  month     = {},
  year      = 2006
}

@book{kn:PP05,
  author    = {Estelle M. Philips and Derek S. Pugh},
  title     = {How to Get a {PhD}},
  publisher = {Open University Press},
  edition   = {{F}ourth},
  year      = {2005},
  isbn      = {0-335-21684-6}
}

@misc{kn:svgbatik,
  author = {Apache},
  title  = {Batik {SVG} {T}oolkit},
  note   = {Available at \url{http://xml.apache.org/batik/}},
  month  = {},
  year   = 2005
}

@misc{kn:svgdoc,
  author = {{W3C} --- {World Wide Web Consortium}},
  title  = {{W3C SVG Specification}},
  month  = {},
  year   = 2005,
  note   = {Available at \url{http://www.w3.org/TR/SVG11/}}
}

@misc{kn:svgibm,
  author = {IBM},
  title  = {Program with {SVG}},
  note   = {Available at \url{http://www-128.ibm.com/developerworks/xml/library/x-matters40/}},
  month  = {},
  year   = 2005
}

@misc{kn:svgscada,
  author = {Rodrigo García García},
  title  = {\svg{} for {SCADA}},
  note   = {Swiss Federal Institute of Technology Lausanne (EPFL)},
  note   = {Available at \url{http://www.svgopen.org/2004/papers/SVGforSCADA/}},
  month  = {abril},
  year   = 2005
}

@misc{kn:svgw3c,
  author = {{W3C} --- {World Wide Web Consortium}},
  title  = {{W3C} --- {About SVG}},
  note   = {\url{http://www.w3.org/TR/SVG/intro.html/}},
  month  = {},
  year   = 2005
}

@misc{kn:Tha01,
  author = {Ming Tham},
  title  = {Writing Research Theses or Dissertations},
  note   = {University of Newcastle Upon Tyne. Available at \url{http://lorien.ncl.ac.uk/ming/dept/Tips/writing/thesis/thesis-intro.htm}},
  month  = {},
  year   = {2001}
}

@article{kn:ZPMD97,
  author       = {Debora J. Zukowski and Apratim Purakayastha and Ajay Mohindra and Murthy Devarakonda},
  title        = {Metis: A Thin-Client Application Framework},
  organization = {Usenix Association},
  journal      = {Proceedings of the Third Conference on Object-Oriented Technologies and Systems},
  pages        = {103--114},
  month        = {},
  year         = 1997
}
